@book{manning_foundations_1999,
	title = {Foundations of statistical natural language processing},
	language = {English},
	pagetotal = {620},
	publisher = {MIT Press},
	author = {Manning, Christopher and Sch√ºtze, Hinrich},
	date = {1999}
}

@inproceedings{schmid_improvements_1995,
	title = {Improvements in Part-of-Speech Tagging with an Application to German},
	eventtitle = {ACL SIGDAT Workshop},
	booktitle = {Proceedings of the ACL SIGDAT Workshop},
	author = {Schmid, Helmut},
	date = {1995}
}

@inproceedings{schmid_probabilistic_1994,
	title = {Probabilistic Part-of-Speech Tagging Using Decision Trees},
	eventtitle = {International Conference on New Methods in Language Processing},
	language = {English},
	pages = {44-49},
	booktitle = {Proceedings of International Conference on New Methods in Language Processing},
	author = {Schmid, Helmut},
	date = {1994}
}

@book{jurafsky_speech_2009,
	edition = {2},
	title = {Speech and language processing: An introduction to natural language processing, computational linguistics, and speech recognition},
	pagetotal = {1024},
	publisher = {Pearson Prentice Hall},
	author = {Jurafsky, Dan and Martin, James H.},
	date = {2009}
}

@article{biemann_unsupervised_2009,
	title = {Unsupervised Part-of-Speech Tagging in the Large},
	volume = {7},
	issue = {2-4},
	pages = {101-135},
	journaltitle = {Research on Language and Computation},
	author = {Biemann, Chris},
	date = {2009}
}

@book{engel_deutsche_1996,
	edition = {3},
	title = {Deutsche Grammatik},
	pagetotal = {888},
	publisher = {Groos},
	author = {Engel, Ulrich},
	date = {1996}
}

@inproceedings{brill_simple_1992,
	location = {Morristown, NJ, USA},
	title = {A Simple Rule-Based Part of Speech Tagger},
	pages = {152-155},
	booktitle = {Proceedings of the third conference on applied natural language processing (ANLP-92)},
	publisher = {Association for Computational Linguistics},
	author = {Brill, Eric},
	date = {1992}
}
